5170 0
5665 1
5738 2
8202 3
8552 4
7879 5
8339 6
7599 7
8232 8
8201 9
7880 10
7598 11
5903 12
6248 13
4610 14
8236 15
8571 16
8237 17
6723 18
7161 19
6807 20
7974 21
6722 22
8209 23
8562 24
8238 25
8526 26
6724 27
8574 28
8533 29
8537 30
6815 31
6791 32
8556 33
6749 34
7752 35
6839 36
7366 37
8239 38
8217 39
7730 40
7233 41
8240 42
6831 43
8535 44
6725 45
6824 46
6833 47
8241 48
6809 49
6843 50
8563 51
8242 52
6793 53
8538 54
6818 55
6788 56
6726 57
6771 58
6727 59
6840 60
8243 61
8517 62
6772 63
8244 64
6846 65
6773 66
8564 67
8245 68
6728 69
6787 70
8246 71
6836 72
8247 73
8248 74
8249 75
6838 76
8250 77
8251 78
8252 79
8253 80
6794 81
6822 82
8254 83
8539 84
8255 85
8256 86
8257 87
6753 88
8554 89
8022 90
8527 91
6778 92
6834 93
8258 94
6829 95
8259 96
7979 97
6844 98
6799 99
8260 100
6810 101
6847 102
6797 103
8261 104
6848 105
6811 106
6752 107
6755 108
8262 109
6845 110
6779 111
8263 112
8264 113
6729 114
8265 115
8266 116
6826 117
6763 118
8267 119
8528 120
6765 121
8268 122
6782 123
8269 124
6730 125
6754 126
8270 127
8271 128
6731 129
8534 130
6819 131
6768 132
6796 133
6751 134
6764 135
8272 136
6774 137
8529 138
8273 139
6732 140
6812 141
6783 142
8274 143
8275 144
6784 145
8276 146
6832 147
7430 148
8277 149
6733 150
7721 151
8278 152
6798 153
7429 154
6734 155
8279 156
6828 157
6790 158
6849 159
8280 160
8281 161
8530 162
8282 163
6789 164
6775 165
8283 166
6735 167
6750 168
6805 169
6830 170
8284 171
8285 172
8286 173
6736 174
6757 175
8287 176
8288 177
8289 178
8290 179
8291 180
8292 181
6760 182
6776 183
8293 184
7975 185
8294 186
6803 187
6737 188
6792 189
8295 190
8296 191
6813 192
8297 193
6766 194
6738 195
8298 196
6817 197
6758 198
6806 199
8299 200
6820 201
7367 202
6739 203
6800 204
8300 205
6769 206
8518 207
8301 208
8302 209
6808 210
8303 211
8519 212
8304 213
6740 214
8531 215
6842 216
6759 217
7162 218
7731 219
8305 220
6795 221
8306 222
6770 223
7368 224
8520 225
6780 226
6741 227
8307 228
8308 229
6742 230
6802 231
6767 232
8309 233
6743 234
8310 235
6850 236
8311 237
6756 238
6837 239
6841 240
6761 241
8312 242
6744 243
8313 244
6814 245
8314 246
6816 247
8532 248
6825 249
8315 250
7976 251
8316 252
8317 253
8318 254
8319 255
8320 256
6762 257
6804 258
8321 259
6781 260
6801 261
8322 262
8323 263
6745 264
6777 265
8536 266
8324 267
6827 268
7977 269
6746 270
6835 271
6823 272
7978 273
6821 274
6785 275
8325 276
6747 277
8326 278
6851 279
8327 280
8328 281
8329 282
8330 283
6748 284
6786 285
8331 286
8332 287
8333 288
7936 289
7508 290
8144 291
5457 292
8051 293
4915 294
5407 295
7592 296
8153 297
8561 298
8521 299
8154 300
8155 301
7590 302
8156 303
8524 304
8338 305
8157 306
8158 307
8159 308
8160 309
7610 310
8161 311
8162 312
8163 313
8164 314
8165 315
8166 316
8229 317
8167 318
8234 319
8168 320
7591 321
8169 322
8170 323
8171 324
8172 325
8173 326
8174 327
8175 328
8176 329
5458 330
8177 331
8178 332
8179 333
8180 334
8181 335
8182 336
8183 337
8184 338
8185 339
8186 340
8187 341
8188 342
8189 343
8190 344
8191 345
8192 346
8193 347
8194 348
8195 349
8196 350
7917 351
7817 352
7348 353
6975 354
8580 355
8579 356
8341 357
7550 358
7101 359
7351 360
7904 361
7169 362
7660 363
7629 364
7103 365
8342 366
8583 367
7028 368
7118 369
7631 370
8343 371
7847 372
7219 373
7049 374
7132 375
7045 376
7809 377
8566 378
8344 379
7060 380
7019 381
8345 382
8573 383
8046 384
7087 385
8557 386
8582 387
8576 388
7097 389
8581 390
7096 391
7052 392
7129 393
7074 394
8578 395
6979 396
7184 397
7342 398
7916 399
8570 400
8346 401
8347 402
8348 403
7092 404
7088 405
8349 406
7810 407
8350 408
8351 409
8352 410
7041 411
8540 412
7080 413
7882 414
8353 415
8354 416
8577 417
8522 418
8355 419
7046 420
7962 421
7112 422
7634 423
8356 424
8572 425
8357 426
8358 427
8359 428
8360 429
7024 430
7104 431
7015 432
7635 433
8361 434
7946 435
8362 436
8575 437
7055 438
8363 439
7131 440
7263 441
8364 442
8567 443
7027 444
8541 445
8365 446
8366 447
7100 448
8367 449
8368 450
8369 451
8370 452
7023 453
7345 454
8569 455
8371 456
7218 457
8542 458
8372 459
8373 460
8374 461
7077 462
7915 463
8375 464
7854 465
8543 466
7042 467
8376 468
8544 469
7245 470
7037 471
7185 472
8377 473
8378 474
8379 475
7102 476
8380 477
7659 478
7355 479
6980 480
8381 481
6981 482
6982 483
7122 484
7818 485
7038 486
7016 487
7813 488
8382 489
7013 490
7084 491
7075 492
6983 493
7175 494
7059 495
7640 496
8383 497
6984 498
8384 499
8385 500
7025 501
7357 502
7661 503
7119 504
7008 505
8386 506
7812 507
7961 508
8387 509
8388 510
6985 511
8389 512
7632 513
7017 514
7073 515
7173 516
7176 517
8390 518
7036 519
8391 520
8392 521
8545 522
8546 523
8393 524
8568 525
6986 526
7066 527
7172 528
7633 529
7636 530
7641 531
8394 532
6987 533
7815 534
7350 535
7120 536
7034 537
8395 538
8396 539
8397 540
7887 541
7035 542
7133 543
8398 544
7346 545
6978 546
7105 547
7021 548
7009 549
7078 550
8399 551
8400 552
7010 553
7056 554
8401 555
7029 556
7128 557
8560 558
7178 559
6988 560
8402 561
7069 562
7344 563
8403 564
7011 565
7241 566
8404 567
7031 568
8405 569
7814 570
8406 571
7343 572
7061 573
8407 574
7043 575
7026 576
8408 577
7106 578
8409 579
7089 580
6976 581
7179 582
8410 583
8411 584
8412 585
7090 586
8413 587
7848 588
8559 589
7886 590
6989 591
7125 592
8414 593
6990 594
8415 595
8416 596
7117 597
7071 598
8417 599
8418 600
7186 601
8419 602
8420 603
8547 604
8421 605
8422 606
8423 607
6991 608
8424 609
7638 610
8425 611
8426 612
6992 613
7065 614
7082 615
8427 616
8428 617
8047 618
7091 619
8429 620
8548 621
8430 622
8431 623
8432 624
7079 625
8433 626
8434 627
7356 628
8435 629
8436 630
7107 631
8437 632
7134 633
8438 634
6993 635
8549 636
6994 637
7126 638
7085 639
7883 640
8558 641
8439 642
8440 643
7051 644
8441 645
7135 646
7121 647
6995 648
8442 649
8443 650
7123 651
7067 652
8444 653
7047 654
7032 655
6996 656
8445 657
8446 658
6997 659
7349 660
7108 661
7083 662
7124 663
8447 664
7053 665
8448 666
8449 667
8450 668
8451 669
6998 670
7630 671
8452 672
7109 673
8453 674
6999 675
8550 676
7111 677
7086 678
7072 679
7136 680
7884 681
8454 682
8455 683
7353 684
8456 685
8457 686
7039 687
7000 688
8458 689
8459 690
7001 691
6977 692
7093 693
7002 694
8460 695
8461 696
7137 697
8462 698
7170 699
8463 700
7012 701
7070 702
8464 703
8465 704
8466 705
7054 706
8467 707
7113 708
7033 709
8468 710
7115 711
7885 712
7014 713
7030 714
7095 715
7094 716
8469 717
7138 718
8470 719
7057 720
7242 721
8471 722
7354 723
7099 724
7003 725
8472 726
8473 727
7110 728
8474 729
8475 730
8476 731
8477 732
7044 733
8478 734
8479 735
7050 736
8480 737
7098 738
7347 739
7816 740
7004 741
7076 742
7048 743
7637 744
7127 745
8481 746
7005 747
7006 748
7040 749
8482 750
7171 751
7063 752
8483 753
7007 754
8484 755
8485 756
8486 757
8487 758
7064 759
8488 760
7352 761
8489 762
7020 763
8490 764
7018 765
8491 766
7058 767
8492 768
7022 769
8493 770
8494 771
8495 772
8496 773
8497 774
8498 775
8499 776
7130 777
8500 778
8501 779
7062 780
8551 781
8502 782
8503 783
8048 784
8504 785
8505 786
7174 787
8506 788
8507 789
8508 790
8509 791
8510 792
7639 793
7081 794
8511 795
7177 796
8512 797
8513 798
8514 799
7116 800
7811 801
7068 802
7114 803
8515 804
8553 805
8099 806
7298 807
8335 808
7907 809
8100 810
8230 811
8101 812
8523 813
8102 814
7908 815
8525 816
8103 817
7406 818
7909 819
8104 820
7906 821
8105 822
8106 823
8107 824
7418 825
8108 826
7419 827
8219 828
7421 829
8109 830
8110 831
8334 832
8111 833
8112 834
8113 835
8114 836
8221 837
8222 838
8115 839
8116 840
8117 841
8118 842
7905 843
8119 844
8120 845
8121 846
8122 847
8123 848
8124 849
8125 850
8126 851
7491 852
8127 853
8128 854
8129 855
8130 856
8131 857
8132 858
8133 859
8134 860
8135 861
8136 862
4611 863
4612 864
5459 865
6402 866
7918 867
7683 868
5866 869
5460 870
6392 871
5171 872
7940 873
7324 874
7530 875
7531 876
7532 877
7533 878
8151 879
7939 880
8152 881
7545 882
7546 883
7941 884
5904 885
7992 886
6192 887
6209 888
6231 889
6250 890
7256 891
7255 892
7257 893
5905 894
7160 895
5461 896
8055 897
7875 898
8012 899
6450 900
5462 901
7526 902
8097 903
7538 904
7938 905
7539 906
7540 907
7541 908
7543 909
7547 910
4613 911
6951 912
6958 913
6974 914
6960 915
6966 916
6954 917
6967 918
6963 919
6968 920
6959 921
6952 922
6953 923
6962 924
6972 925
6965 926
6961 927
6973 928
6955 929
6956 930
6957 931
6969 932
6964 933
6970 934
6971 935
4916 936
5446 937
7433 938
8223 939
7711 940
7163 941
7432 942
7435 943
7434 944
7744 945
7759 946
5172 947
5649 948
7991 949
4917 950
7501 951
6158 952
5936 953
5970 954
5758 955
7500 956
7499 957
5173 958
5556 959
5676 960
7510 961
4918 962
6111 963
5174 964
6571 965
7922 966
7973 967
6569 968
7924 969
7926 970
7972 971
7927 972
7929 973
6570 974
7930 975
7931 976
7994 977
8199 978
7995 979
7993 980
7996 981
8203 982
7997 983
7998 984
7999 985
8000 986
8001 987
8002 988
8003 989
8004 990
8005 991
8006 992
8007 993
8008 994
8009 995
8137 996
6710 997
6715 998
6711 999
6718 1000
6717 1001
6720 1002
6716 1003
6713 1004
6714 1005
6721 1006
6712 1007
6719 1008
4614 1009
4919 1010
5350 1011
4615 1012
7337 1013
8197 1014
7340 1015
7943 1016
7339 1017
7944 1018
8208 1019
7947 1020
7948 1021
7949 1022
7950 1023
7951 1024
7338 1025
5759 1026
7952 1027
7953 1028
7954 1029
8555 1030
8231 1031
7299 1032
8516 1033
7741 1034
8096 1035
8146 1036
7740 1037
7423 1038
7424 1039
7442 1040
7742 1041
7549 1042
6578 1043
6260 1044
6287 1045
6291 1046
6576 1047
6257 1048
6256 1049
6259 1050
6262 1051
6575 1052
6261 1053
6258 1054
6288 1055
6577 1056
6289 1057
6255 1058
6290 1059
4616 1060
5568 1061
7756 1062
5175 1063
8336 1064
7935 1065
8206 1066
5906 1067
5463 1068
5464 1069
5794 1070
5796 1071
5871 1072
5465 1073
7867 1074
5907 1075
7911 1076
5909 1077
5908 1078
6237 1079
8150 1080
7968 1081
8225 1082
8213 1083
7969 1084
7970 1085
7980 1086
7981 1087
7982 1088
7983 1089
6069 1090
6073 1091
6118 1092
5760 1093
7644 1094
6487 1095
7878 1096
7268 1097
7270 1098
7274 1099
7325 1100
7551 1101
8147 1102
8337 1103
8057 1104
7553 1105
7563 1106
7567 1107
7596 1108
7959 1109
7527 1110
7622 1111
7624 1112
7625 1113
5624 1114
5176 1115
5748 1116
5783 1117
5884 1118
5466 1119
5892 1120
5474 1121
8204 1122
7552 1123
7649 1124
7648 1125
7650 1126
7601 1127
7603 1128
7606 1129
7651 1130
7652 1131
7653 1132
4617 1133
8235 1134
5467 1135
5468 1136
7863 1137
5889 1138
6922 1139
6495 1140
6510 1141
6933 1142
6514 1143
6496 1144
6506 1145
6494 1146
6519 1147
6513 1148
6927 1149
6503 1150
6515 1151
6498 1152
6489 1153
6488 1154
6512 1155
6505 1156
6490 1157
6522 1158
6942 1159
6526 1160
6929 1161
6947 1162
6928 1163
6527 1164
6516 1165
6523 1166
6517 1167
6950 1168
6507 1169
6493 1170
6923 1171
6518 1172
6948 1173
6934 1174
6949 1175
6935 1176
6508 1177
6499 1178
6525 1179
6491 1180
6936 1181
6945 1182
6946 1183
6524 1184
6500 1185
6521 1186
6944 1187
6502 1188
6930 1189
6520 1190
6931 1191
6511 1192
6504 1193
6492 1194
6926 1195
6497 1196
6924 1197
6501 1198
6925 1199
6941 1200
6937 1201
6509 1202
6938 1203
6932 1204
6939 1205
6940 1206
6943 1207
8032 1208
8038 1209
8034 1210
8037 1211
7955 1212
8033 1213
8036 1214
8035 1215
8227 1216
7985 1217
4920 1218
7312 1219
7314 1220
7318 1221
7164 1222
4618 1223
4619 1224
5981 1225
7413 1226
7903 1227
7490 1228
5982 1229
7494 1230
8207 1231
7754 1232
5469 1233
7862 1234
7519 1235
5470 1236
6665 1237
6677 1238
6690 1239
6657 1240
6659 1241
6684 1242
6693 1243
6705 1244
6680 1245
6683 1246
6704 1247
6694 1248
5761 1249
6703 1250
6698 1251
6673 1252
6708 1253
6666 1254
6674 1255
6687 1256
6685 1257
6701 1258
6679 1259
6688 1260
6661 1261
6658 1262
6702 1263
6709 1264
6667 1265
6668 1266
6660 1267
6695 1268
6675 1269
6662 1270
6678 1271
6686 1272
6696 1273
6691 1274
6669 1275
6681 1276
6676 1277
6664 1278
6697 1279
6707 1280
6689 1281
6670 1282
6663 1283
6692 1284
6699 1285
6671 1286
6682 1287
6700 1288
6672 1289
6706 1290
4620 1291
4921 1292
5388 1293
4621 1294
4622 1295
7326 1296
8010 1297
7448 1298
7488 1299
6892 1300
6918 1301
6909 1302
6916 1303
6915 1304
6902 1305
6908 1306
6920 1307
6901 1308
6914 1309
6911 1310
6921 1311
6907 1312
6919 1313
6893 1314
6894 1315
6912 1316
6906 1317
6896 1318
6917 1319
6900 1320
6898 1321
6910 1322
6899 1323
6903 1324
6897 1325
6905 1326
6913 1327
6895 1328
6904 1329
5471 1330
5472 1331
5473 1332
6307 1333
6310 1334
6309 1335
6311 1336
6308 1337
5910 1338
7165 1339
7167 1340
7166 1341
7168 1342
5177 1343
4922 1344
8210 1345
8220 1346
5178 1347
5720 1348
4623 1349
8031 1350
7852 1351
6263 1352
7628 1353
7745 1354
5179 1355
6264 1356
5615 1357
5180 1358
5742 1359
4624 1360
4625 1361
5475 1362
7986 1363
5776 1364
5850 1365
5181 1366
5571 1367
8041 1368
7835 1369
4923 1370
7832 1371
7824 1372
7826 1373
7828 1374
7833 1375
7825 1376
7829 1377
7834 1378
7830 1379
7827 1380
7831 1381
7691 1382
6293 1383
5476 1384
6294 1385
7618 1386
4626 1387
7984 1388
7147 1389
5911 1390
7146 1391
7145 1392
6361 1393
6360 1394
5182 1395
5941 1396
5950 1397
5974 1398
5762 1399
6104 1400
4627 1401
4628 1402
5478 1403
5477 1404
5183 1405
5915 1406
6564 1407
5916 1408
5913 1409
5914 1410
5912 1411
5917 1412
7150 1413
7327 1414
6268 1415
6265 1416
6266 1417
6267 1418
6159 1419
7725 1420
8149 1421
7727 1422
8019 1423
6461 1424
7726 1425
7846 1426
7180 1427
7234 1428
5918 1429
6186 1430
6207 1431
6238 1432
7761 1433
5184 1434
5695 1435
8565 1436
6347 1437
6354 1438
7913 1439
6341 1440
8224 1441
8060 1442
6353 1443
6356 1444
8063 1445
6345 1446
6355 1447
6350 1448
8067 1449
8068 1450
8070 1451
6358 1452
6348 1453
6351 1454
8074 1455
8075 1456
8077 1457
8078 1458
8079 1459
8080 1460
8081 1461
6342 1462
6344 1463
6357 1464
6343 1465
6352 1466
8085 1467
6346 1468
6349 1469
8087 1470
5192 1471
4924 1472
5428 1473
4925 1474
5919 1475
7331 1476
7782 1477
7330 1478
7328 1479
7329 1480
7332 1481
7152 1482
4926 1483
7153 1484
4927 1485
7333 1486
4928 1487
7681 1488
7746 1489
7747 1490
5185 1491
6884 1492
6873 1493
6864 1494
6879 1495
6882 1496
6866 1497
6886 1498
6876 1499
6885 1500
6868 1501
6888 1502
6871 1503
6889 1504
6875 1505
6881 1506
6878 1507
6890 1508
6872 1509
6867 1510
6880 1511
6883 1512
6877 1513
6874 1514
6865 1515
6887 1516
6870 1517
6891 1518
6869 1519
4629 1520
4630 1521
6269 1522
6270 1523
4929 1524
5346 1525
6615 1526
6647 1527
6653 1528
6645 1529
6629 1530
6652 1531
6649 1532
6625 1533
6631 1534
6636 1535
6632 1536
6618 1537
6654 1538
6621 1539
6644 1540
6624 1541
6635 1542
6627 1543
6639 1544
6634 1545
6650 1546
6637 1547
6622 1548
6630 1549
6648 1550
6617 1551
6641 1552
6643 1553
6642 1554
6626 1555
6616 1556
6633 1557
6623 1558
6651 1559
6638 1560
6656 1561
6628 1562
6646 1563
6619 1564
6620 1565
6271 1566
6655 1567
6640 1568
5186 1569
7396 1570
7395 1571
5479 1572
5819 1573
5862 1574
5887 1575
6384 1576
6382 1577
6385 1578
6383 1579
7716 1580
7807 1581
7802 1582
7701 1583
7808 1584
7804 1585
7252 1586
7251 1587
7803 1588
7703 1589
7805 1590
7702 1591
7253 1592
7717 1593
7806 1594
5920 1595
5187 1596
5607 1597
5755 1598
7645 1599
7646 1600
6272 1601
8141 1602
6274 1603
6275 1604
7665 1605
6273 1606
8043 1607
7670 1608
6276 1609
7679 1610
4930 1611
6002 1612
4931 1613
5403 1614
4631 1615
7369 1616
7676 1617
7677 1618
5763 1619
7480 1620
7481 1621
7482 1622
7483 1623
7484 1624
7923 1625
7485 1626
7925 1627
7928 1628
6277 1629
6278 1630
8091 1631
5921 1632
5922 1633
7230 1634
8148 1635
7989 1636
5923 1637
6377 1638
5924 1639
8011 1640
6614 1641
6611 1642
6613 1643
6612 1644
6393 1645
6160 1646
6475 1647
6483 1648
4632 1649
5480 1650
5814 1651
5885 1652
4932 1653
5280 1654
8340 1655
8233 1656
7800 1657
8061 1658
7799 1659
8211 1660
8228 1661
8062 1662
8226 1663
8064 1664
8065 1665
8066 1666
8069 1667
8071 1668
5925 1669
8072 1670
8073 1671
8076 1672
8082 1673
8083 1674
8084 1675
8086 1676
8212 1677
4633 1678
7335 1679
7334 1680
7851 1681
7336 1682
7296 1683
7295 1684
4634 1685
8016 1686
7736 1687
7794 1688
6485 1689
6279 1690
7735 1691
7738 1692
7737 1693
7733 1694
7734 1695
7795 1696
7254 1697
4635 1698
5926 1699
5275 1700
4933 1701
4636 1702
4934 1703
5415 1704
8014 1705
5764 1706
8015 1707
8013 1708
6125 1709
6154 1710
4637 1711
4638 1712
4639 1713
5338 1714
4935 1715
4936 1716
7154 1717
5765 1718
7502 1719
4937 1720
6539 1721
5927 1722
5929 1723
5928 1724
7139 1725
7749 1726
5188 1727
5756 1728
5930 1729
7415 1730
7715 1731
7414 1732
5932 1733
7416 1734
5931 1735
5290 1736
4938 1737
7892 1738
7893 1739
8045 1740
7894 1741
7891 1742
7895 1743
7896 1744
7897 1745
7898 1746
7899 1747
7900 1748
7901 1749
7902 1750
7370 1751
5766 1752
6008 1753
8140 1754
6019 1755
4640 1756
7444 1757
5767 1758
6034 1759
7850 1760
7443 1761
6124 1762
7387 1763
6324 1764
7389 1765
7388 1766
7391 1767
7390 1768
6161 1769
4641 1770
4642 1771
7207 1772
6280 1773
7208 1774
7209 1775
4939 1776
5343 1777
6581 1778
5481 1779
5482 1780
5483 1781
7280 1782
7281 1783
7279 1784
5933 1785
4940 1786
5395 1787
5561 1788
5189 1789
5935 1790
5934 1791
5768 1792
5190 1793
5614 1794
5769 1795
6094 1796
6108 1797
6150 1798
6155 1799
4643 1800
6305 1801
6478 1802
5485 1803
5484 1804
6451 1805
7183 1806
6281 1807
7465 1808
7400 1809
7464 1810
7466 1811
7402 1812
7467 1813
7468 1814
7403 1815
7401 1816
7469 1817
7470 1818
7404 1819
7751 1820
5486 1821
7341 1822
4644 1823
8095 1824
8198 1825
4941 1826
6110 1827
4645 1828
5191 1829
7427 1830
4646 1831
6167 1832
5937 1833
6254 1834
7503 1835
4942 1836
5581 1837
8054 1838
6053 1839
7445 1840
6122 1841
7182 1842
7181 1843
6162 1844
4647 1845
7866 1846
8053 1847
4943 1848
4648 1849
4944 1850
5386 1851
6282 1852
5770 1853
4945 1854
7155 1855
5282 1856
4946 1857
6456 1858
5487 1859
6455 1860
4649 1861
7933 1862
5193 1863
6481 1864
7365 1865
7360 1866
7362 1867
7358 1868
7363 1869
7361 1870
7364 1871
7359 1872
5194 1873
5679 1874
4947 1875
4650 1876
5488 1877
5489 1878
5226 1879
4948 1880
4949 1881
5368 1882
5490 1883
4651 1884
5195 1885
5589 1886
5735 1887
8139 1888
7372 1889
7374 1890
6163 1891
8042 1892
7666 1893
7375 1894
7373 1895
7376 1896
5491 1897
5843 1898
7793 1899
6283 1900
5492 1901
7686 1902
5833 1903
7956 1904
8200 1905
8050 1906
8023 1907
6284 1908
6855 1909
7141 1910
7143 1911
4652 1912
5493 1913
6484 1914
5196 1915
5696 1916
7616 1917
7963 1918
7964 1919
5494 1920
8216 1921
7965 1922
7966 1923
7967 1924
5798 1925
5495 1926
4950 1927
5431 1928
6862 1929
6863 1930
4951 1931
5360 1932
7912 1933
5496 1934
7267 1935
6164 1936
6397 1937
6432 1938
7729 1939
6458 1940
4653 1941
4952 1942
7156 1943
5771 1944
7801 1945
7232 1946
6285 1947
5497 1948
7276 1949
7275 1950
7277 1951
4654 1952
5223 1953
4953 1954
4655 1955
5498 1956
5566 1957
5197 1958
5740 1959
4656 1960
8214 1961
8052 1962
7748 1963
5198 1964
7987 1965
5994 1966
8056 1967
5772 1968
6079 1969
6340 1970
6071 1971
6072 1972
7560 1973
7528 1974
7561 1975
7565 1976
7621 1977
7187 1978
7188 1979
7189 1980
7190 1981
7191 1982
4954 1983
4657 1984
7869 1985
5773 1986
8025 1987
6078 1988
6132 1989
6286 1990
4955 1991
5340 1992
6292 1993
4658 1994
4659 1995
8218 1996
5499 1997
7220 1998
7447 1999
7221 2000
8090 2001
5853 2002
5999 2003
5500 2004
5898 2005
8094 2006
5501 2007
7690 2008
7682 2009
7919 2010
4956 2011
5199 2012
7520 2013
5663 2014
8215 2015
8145 2016
6026 2017
6031 2018
5774 2019
7486 2020
4957 2021
6015 2022
5775 2023
6121 2024
7474 2025
7478 2026
7477 2027
7476 2028
7475 2029
7473 2030
5200 2031
7479 2032
7673 2033
5938 2034
7675 2035
7674 2036
7672 2037
6165 2038
5791 2039
5502 2040
5875 2041
5899 2042
7858 2043
7507 2044
5201 2045
5202 2046
6315 2047
6316 2048
7309 2049
7881 2050
7791 2051
7788 2052
7789 2053
7792 2054
8205 2055
7790 2056
6528 2057
5503 2058
5820 2059
8020 2060
8138 2061
7441 2062
6166 2063
5504 2064
5860 2065
5900 2066
4660 2067
5940 2068
5939 2069
4661 2070
4662 2071
4958 2072
5300 2073
7516 2074
5203 2075
5713 2076
6080 2077
7844 2078
5777 2079
6129 2080
6134 2081
7859 2082
5851 2083
5505 2084
4663 2085
6295 2086
5204 2087
5716 2088
8092 2089
6560 2090
6566 2091
6296 2092
7958 2093
6858 2094
7140 2095
4959 2096
7504 2097
7192 2098
7458 2099
7456 2100
7457 2101
7614 2102
7615 2103
7612 2104
7613 2105
5214 2106
4960 2107
7235 2108
5943 2109
7261 2110
7265 2111
7284 2112
5942 2113
6532 2114
6529 2115
6530 2116
6531 2117
4664 2118
5336 2119
4961 2120
4665 2121
4666 2122
5506 2123
7505 2124
4962 2125
4667 2126
7201 2127
6297 2128
7642 2129
7662 2130
7664 2131
7680 2132
6298 2133
5205 2134
5655 2135
5724 2136
5206 2137
5548 2138
5637 2139
5944 2140
4668 2141
5945 2142
6117 2143
4963 2144
5778 2145
6001 2146
6011 2147
6114 2148
6133 2149
5797 2150
5805 2151
5507 2152
7688 2153
5508 2154
5859 2155
5881 2156
7289 2157
4669 2158
7643 2159
7710 2160
7564 2161
8088 2162
7566 2163
7597 2164
8143 2165
7529 2166
7607 2167
7608 2168
7620 2169
8089 2170
4670 2171
4671 2172
5509 2173
4672 2174
5947 2175
5946 2176
6173 2177
5948 2178
6228 2179
4673 2180
7506 2181
4964 2182
7755 2183
4965 2184
6119 2185
4674 2186
6336 2187
6168 2188
4675 2189
5341 2190
4966 2191
7409 2192
7193 2193
7410 2194
4676 2195
7578 2196
7579 2197
7589 2198
7580 2199
7581 2200
7582 2201
7587 2202
7583 2203
7584 2204
7585 2205
7586 2206
7588 2207
5949 2208
4677 2209
7765 2210
7764 2211
7767 2212
7768 2213
7769 2214
7770 2215
7771 2216
7772 2217
5510 2218
4967 2219
5377 2220
7554 2221
7555 2222
7556 2223
8040 2224
5273 2225
4968 2226
5255 2227
4969 2228
5511 2229
6428 2230
6169 2231
7724 2232
6299 2233
7371 2234
6533 2235
4678 2236
6300 2237
7692 2238
7945 2239
7378 2240
7377 2241
8142 2242
7509 2243
7937 2244
5207 2245
7577 2246
7571 2247
7574 2248
7575 2249
7576 2250
7194 2251
7572 2252
7573 2253
7196 2254
7197 2255
7195 2256
5208 2257
6405 2258
6406 2259
8049 2260
5209 2261
5709 2262
7198 2263
5540 2264
5210 2265
5952 2266
5953 2267
6206 2268
5951 2269
6179 2270
6197 2271
6223 2272
6233 2273
5954 2274
5211 2275
4679 2276
4970 2277
8093 2278
6325 2279
5212 2280
7689 2281
6170 2282
6610 2283
6600 2284
6609 2285
6605 2286
6604 2287
6603 2288
6608 2289
6601 2290
6606 2291
6602 2292
6607 2293
4680 2294
7647 2295
5955 2296
7408 2297
5779 2298
7876 2299
7308 2300
7300 2301
7310 2302
7315 2303
7317 2304
7320 2305
4681 2306
5213 2307
7223 2308
7222 2309
5861 2310
5512 2311
5956 2312
7157 2313
4971 2314
5958 2315
5959 2316
5957 2317
6234 2318
4682 2319
7204 2320
5780 2321
7205 2322
6469 2323
4683 2324
6441 2325
8027 2326
5513 2327
5781 2328
5990 2329
5991 2330
7845 2331
7873 2332
5782 2333
6017 2334
6054 2335
6116 2336
7498 2337
6301 2338
5595 2339
5215 2340
5685 2341
7199 2342
7619 2343
7301 2344
7784 2345
7787 2346
7785 2347
7489 2348
7786 2349
7821 2350
7822 2351
7820 2352
7823 2353
7819 2354
5784 2355
7513 2356
5216 2357
5703 2358
5217 2359
7262 2360
5960 2361
7699 2362
7557 2363
7700 2364
4972 2365
4973 2366
5529 2367
5636 2368
5218 2369
7379 2370
7381 2371
7380 2372
7382 2373
7383 2374
7384 2375
4684 2376
4685 2377
6302 2378
5219 2379
5623 2380
5657 2381
4974 2382
5380 2383
5220 2384
5598 2385
5757 2386
6535 2387
6534 2388
6536 2389
6537 2390
5514 2391
5849 2392
5863 2393
5868 2394
4686 2395
4975 2396
4976 2397
5399 2398
4687 2399
5572 2400
5616 2401
5221 2402
5644 2403
5222 2404
4977 2405
6142 2406
5962 2407
5961 2408
6010 2409
5785 2410
7843 2411
6092 2412
6136 2413
4688 2414
5963 2415
7836 2416
4978 2417
5515 2418
5516 2419
4979 2420
5393 2421
5964 2422
6175 2423
6196 2424
6213 2425
6538 2426
8030 2427
8029 2428
8028 2429
7200 2430
4689 2431
6551 2432
6555 2433
6553 2434
7594 2435
6552 2436
6556 2437
6557 2438
6554 2439
7595 2440
6303 2441
5517 2442
7698 2443
7385 2444
7706 2445
7302 2446
7425 2447
7707 2448
7459 2449
7460 2450
7493 2451
7497 2452
4690 2453
5835 2454
5518 2455
7266 2456
5965 2457
5980 2458
4980 2459
5441 2460
5224 2461
4691 2462
5519 2463
5520 2464
7921 2465
6128 2466
4981 2467
7696 2468
7695 2469
7697 2470
7694 2471
7693 2472
4692 2473
6304 2474
5966 2475
4982 2476
6453 2477
5731 2478
5225 2479
4693 2480
4694 2481
4983 2482
7217 2483
4695 2484
4984 2485
5786 2486
5787 2487
8017 2488
5832 2489
5521 2490
7297 2491
4696 2492
5967 2493
4985 2494
5320 2495
5522 2496
5968 2497
5969 2498
6140 2499
5523 2500
5812 2501
5830 2502
5874 2503
7837 2504
7871 2505
4986 2506
6542 2507
6541 2508
6545 2509
6543 2510
6544 2511
6540 2512
4697 2513
4987 2514
5788 2515
6113 2516
4988 2517
6306 2518
4989 2519
5384 2520
4698 2521
6546 2522
7231 2523
7202 2524
7203 2525
5402 2526
4990 2527
4991 2528
5392 2529
7237 2530
7798 2531
7260 2532
6547 2533
7288 2534
4992 2535
5524 2536
5858 2537
5891 2538
6060 2539
5789 2540
5308 2541
4993 2542
4699 2543
6559 2544
6565 2545
6567 2546
6312 2547
6856 2548
6859 2549
5227 2550
7914 2551
7436 2552
6548 2553
6549 2554
6550 2555
4994 2556
4700 2557
5304 2558
4995 2559
4996 2560
5367 2561
7853 2562
5525 2563
5971 2564
4701 2565
4997 2566
5274 2567
7856 2568
7855 2569
5526 2570
5412 2571
4998 2572
4702 2573
4703 2574
4999 2575
5297 2576
7386 2577
5527 2578
6477 2579
7398 2580
6558 2581
7250 2582
7399 2583
7269 2584
5000 2585
7839 2586
6107 2587
6106 2588
5528 2589
5870 2590
6018 2591
6051 2592
5790 2593
6090 2594
5001 2595
5447 2596
5002 2597
7934 2598
7521 2599
5228 2600
7206 2601
5530 2602
7244 2603
5888 2604
5531 2605
7990 2606
7857 2607
6367 2608
6365 2609
6366 2610
5972 2611
5973 2612
5532 2613
5533 2614
5534 2615
5535 2616
4704 2617
5977 2618
5976 2619
7609 2620
5975 2621
6400 2622
5229 2623
5296 2624
5003 2625
8098 2626
6313 2627
7861 2628
6314 2629
5978 2630
5979 2631
5004 2632
4705 2633
4706 2634
7462 2635
7210 2636
7463 2637
4707 2638
5536 2639
5983 2640
6204 2641
6208 2642
6224 2643
4708 2644
5230 2645
7392 2646
7393 2647
7394 2648
6093 2649
5005 2650
4709 2651
4710 2652
6333 2653
7657 2654
6171 2655
7658 2656
7868 2657
5006 2658
5231 2659
5569 2660
6362 2661
5232 2662
5813 2663
5854 2664
5856 2665
5537 2666
6172 2667
6476 2668
5984 2669
8059 2670
6047 2671
6437 2672
6463 2673
6561 2674
4711 2675
4712 2676
6188 2677
6193 2678
5985 2679
6227 2680
6016 2681
7763 2682
5007 2683
7889 2684
7849 2685
6562 2686
7228 2687
7236 2688
7888 2689
7278 2690
7285 2691
7890 2692
8018 2693
6373 2694
5233 2695
7687 2696
7558 2697
7705 2698
4713 2699
8021 2700
5234 2701
7559 2702
7714 2703
7865 2704
5008 2705
6141 2706
6317 2707
4714 2708
5538 2709
5539 2710
4715 2711
5235 2712
5009 2713
5454 2714
5010 2715
5011 2716
5404 2717
7860 2718
5667 2719
5236 2720
5012 2721
5375 2722
5557 2723
6389 2724
5237 2725
5541 2726
5263 2727
5013 2728
6191 2729
5986 2730
5014 2731
5443 2732
5015 2733
5352 2734
5543 2735
5542 2736
5987 2737
5016 2738
6326 2739
7273 2740
5238 2741
7511 2742
7932 2743
5017 2744
7781 2745
6319 2746
6857 2747
6318 2748
5018 2749
5411 2750
6323 2751
6320 2752
6322 2753
6321 2754
5019 2755
5419 2756
4716 2757
4717 2758
4718 2759
5389 2760
5020 2761
7304 2762
7311 2763
6098 2764
6099 2765
7323 2766
7397 2767
6205 2768
6244 2769
5988 2770
7758 2771
5239 2772
5601 2773
7602 2774
6083 2775
5021 2776
5420 2777
4719 2778
6563 2779
7512 2780
5022 2781
5267 2782
5023 2783
6210 2784
7617 2785
5989 2786
6251 2787
6427 2788
6426 2789
5240 2790
4720 2791
7775 2792
7774 2793
7780 2794
7776 2795
7773 2796
7778 2797
7777 2798
7779 2799
5792 2800
7449 2801
7451 2802
7452 2803
7450 2804
6419 2805
4721 2806
4722 2807
4723 2808
4724 2809
4725 2810
4726 2811
4727 2812
5834 2813
5838 2814
5544 2815
5865 2816
5793 2817
5024 2818
5545 2819
5816 2820
5842 2821
5852 2822
5546 2823
7454 2824
7455 2825
5272 2826
5025 2827
5250 2828
5026 2829
7305 2830
7303 2831
7321 2832
7322 2833
7405 2834
5241 2835
4728 2836
4729 2837
5242 2838
5701 2839
5826 2840
5876 2841
5547 2842
5243 2843
6449 2844
6189 2845
6198 2846
5992 2847
5244 2848
7762 2849
5723 2850
5795 2851
6174 2852
7957 2853
6391 2854
7722 2855
6457 2856
4730 2857
5027 2858
5370 2859
4731 2860
4732 2861
6195 2862
6211 2863
5993 2864
6216 2865
7874 2866
6252 2867
4733 2868
4734 2869
4735 2870
5245 2871
6330 2872
6331 2873
6438 2874
6176 2875
6332 2876
6480 2877
5811 2878
5549 2879
5550 2880
5995 2881
5551 2882
5552 2883
5028 2884
5301 2885
5554 2886
5553 2887
5555 2888
5855 2889
5896 2890
7211 2891
7212 2892
5996 2893
6327 2894
5582 2895
7517 2896
5246 2897
5622 2898
5247 2899
5558 2900
5559 2901
5331 2902
5029 2903
5560 2904
4736 2905
4737 2906
5997 2907
5998 2908
7760 2909
6042 2910
5030 2911
5562 2912
5563 2913
5815 2914
5873 2915
4738 2916
5031 2917
5396 2918
4739 2919
7213 2920
7216 2921
7215 2922
7214 2923
5248 2924
5645 2925
5673 2926
5564 2927
6328 2928
7877 2929
5249 2930
6329 2931
7766 2932
6588 2933
6589 2934
6590 2935
6591 2936
4740 2937
7709 2938
7562 2939
5032 2940
5455 2941
7247 2942
6177 2943
6416 2944
7248 2945
7249 2946
6470 2947
7870 2948
7420 2949
5799 2950
4741 2951
7704 2952
7684 2953
5033 2954
5034 2955
5565 2956
7685 2957
5828 2958
5882 2959
5324 2960
5035 2961
5400 2962
5036 2963
7718 2964
5251 2965
4742 2966
7627 2967
6000 2968
7626 2969
7514 2970
5037 2971
7534 2972
7535 2973
7407 2974
7536 2975
7537 2976
7542 2977
7942 2978
7544 2979
7960 2980
7548 2981
5252 2982
5253 2983
5737 2984
4743 2985
4744 2986
4745 2987
5254 2988
5659 2989
5706 2990
5038 2991
5321 2992
5039 2993
6584 2994
6178 2995
6583 2996
6586 2997
6587 2998
6585 2999
8026 3000
7411 3001
7292 3002
5567 3003
7293 3004
7291 3005
7412 3006
4746 3007
6003 3008
6004 3009
6433 3010
6479 3011
6180 3012
6007 3013
6006 3014
6005 3015
6009 3016
4747 3017
7515 3018
5040 3019
5256 3020
7728 3021
4748 3022
5800 3023
5257 3024
5722 3025
5734 3026
4749 3027
6447 3028
6446 3029
4750 3030
4751 3031
5041 3032
5449 3033
6334 3034
7838 3035
5042 3036
7872 3037
4752 3038
5570 3039
4753 3040
5043 3041
4754 3042
4755 3043
5044 3044
5317 3045
6012 3046
4756 3047
5662 3048
5258 3049
6568 3050
4757 3051
4758 3052
4759 3053
5259 3054
6066 3055
6067 3056
6572 3057
7920 3058
6036 3059
8024 3060
5801 3061
6013 3062
6091 3063
6145 3064
5045 3065
6335 3066
5046 3067
5802 3068
6100 3069
6143 3070
6151 3071
6157 3072
4760 3073
6339 3074
6338 3075
6337 3076
4761 3077
5574 3078
5573 3079
6359 3080
6473 3081
6472 3082
5606 3083
5621 3084
5260 3085
5575 3086
5869 3087
5901 3088
5902 3089
5261 3090
5639 3091
5648 3092
6088 3093
5577 3094
5576 3095
7306 3096
7307 3097
7313 3098
7224 3099
7316 3100
5421 3101
5047 3102
5809 3103
5578 3104
7272 3105
7654 3106
4762 3107
5048 3108
5347 3109
5049 3110
6181 3111
4763 3112
7283 3113
6014 3114
7282 3115
5050 3116
4764 3117
4765 3118
5579 3119
4766 3120
6182 3121
6403 3122
5051 3123
5436 3124
4767 3125
5262 3126
5730 3127
7708 3128
6422 3129
6183 3130
7719 3131
7723 3132
7655 3133
7743 3134
4768 3135
5264 3136
5620 3137
7495 3138
5265 3139
6184 3140
5052 3141
6370 3142
6398 3143
6185 3144
6454 3145
5580 3146
6029 3147
6064 3148
5803 3149
4769 3150
5266 3151
5053 3152
8058 3153
5583 3154
7753 3155
4770 3156
5584 3157
4771 3158
5268 3159
5754 3160
7239 3161
5585 3162
5877 3163
5269 3164
5658 3165
6452 3166
6055 3167
6087 3168
6123 3169
5804 3170
5270 3171
5741 3172
6020 3173
6021 3174
6022 3175
5271 3176
5750 3177
5054 3178
5429 3179
4772 3180
5055 3181
4773 3182
6363 3183
7446 3184
5586 3185
6440 3186
4774 3187
4775 3188
6023 3189
6085 3190
6024 3191
6025 3192
4776 3193
4777 3194
7225 3195
6027 3196
6200 3197
6364 3198
5056 3199
5408 3200
7568 3201
7570 3202
7417 3203
7569 3204
6187 3205
6408 3206
6409 3207
6460 3208
6410 3209
6486 3210
4778 3211
7226 3212
5057 3213
7149 3214
5587 3215
4779 3216
6028 3217
7227 3218
5058 3219
5401 3220
4780 3221
4781 3222
5059 3223
5339 3224
6368 3225
5060 3226
6443 3227
5276 3228
5061 3229
4782 3230
4783 3231
4784 3232
7840 3233
5062 3234
6220 3235
6030 3236
5588 3237
5840 3238
5894 3239
4785 3240
6465 3241
6464 3242
5277 3243
5063 3244
8044 3245
7522 3246
5278 3247
5064 3248
5065 3249
5590 3250
5066 3251
5413 3252
6369 3253
7461 3254
5279 3255
5591 3256
7229 3257
7319 3258
4786 3259
6040 3260
5593 3261
5592 3262
7910 3263
6399 3264
6413 3265
6420 3266
6190 3267
5067 3268
7841 3269
5806 3270
6138 3271
6032 3272
6240 3273
6242 3274
6246 3275
5807 3276
6137 3277
6147 3278
6149 3279
5068 3280
7656 3281
5808 3282
6120 3283
6156 3284
5594 3285
5845 3286
4787 3287
5599 3288
5281 3289
5684 3290
6077 3291
4788 3292
4789 3293
5283 3294
5284 3295
5285 3296
5732 3297
4790 3298
4791 3299
5286 3300
7593 3301
5309 3302
5069 3303
5287 3304
5683 3305
5312 3306
5070 3307
6596 3308
6597 3309
6595 3310
6598 3311
6599 3312
5071 3313
4792 3314
6371 3315
5288 3316
4793 3317
5596 3318
5314 3319
5072 3320
5289 3321
5653 3322
5073 3323
5074 3324
4794 3325
6573 3326
6372 3327
5075 3328
5426 3329
4795 3330
4796 3331
5597 3332
5291 3333
5076 3334
5422 3335
4797 3336
5077 3337
7518 3338
6435 3339
6033 3340
6239 3341
6436 3342
4798 3343
4799 3344
4800 3345
5292 3346
7739 3347
4801 3348
4802 3349
5293 3350
5294 3351
5736 3352
5295 3353
4803 3354
5078 3355
5372 3356
4804 3357
6375 3358
6374 3359
6376 3360
4805 3361
4806 3362
5810 3363
6152 3364
4807 3365
6035 3366
6202 3367
6241 3368
5641 3369
6459 3370
6379 3371
6378 3372
6380 3373
6381 3374
5298 3375
5689 3376
6386 3377
5079 3378
5405 3379
7158 3380
5080 3381
5299 3382
5666 3383
7757 3384
5600 3385
4808 3386
6194 3387
6037 3388
5602 3389
4809 3390
5603 3391
4810 3392
5081 3393
5416 3394
5335 3395
5082 3396
5083 3397
5084 3398
4811 3399
5085 3400
4812 3401
6387 3402
5086 3403
5433 3404
5306 3405
5087 3406
5604 3407
7492 3408
6221 3409
6038 3410
7842 3411
8039 3412
5088 3413
6039 3414
4813 3415
7783 3416
6212 3417
6041 3418
6388 3419
7663 3420
7667 3421
7668 3422
7600 3423
7669 3424
7971 3425
7671 3426
7678 3427
5302 3428
5739 3429
7864 3430
5303 3431
5721 3432
5439 3433
5089 3434
5090 3435
4814 3436
7712 3437
7713 3438
6043 3439
7271 3440
6390 3441
5605 3442
5305 3443
7238 3444
6574 3445
5091 3446
6044 3447
6245 3448
6247 3449
6579 3450
5668 3451
5307 3452
4815 3453
4816 3454
5608 3455
5857 3456
5878 3457
4817 3458
4818 3459
5310 3460
5693 3461
7523 3462
7240 3463
5817 3464
5311 3465
6045 3466
6046 3467
6394 3468
6854 3469
6853 3470
6048 3471
5092 3472
5313 3473
5710 3474
5749 3475
5609 3476
5610 3477
5611 3478
4819 3479
6049 3480
5680 3481
5315 3482
5612 3483
6050 3484
6424 3485
5093 3486
5613 3487
5893 3488
6395 3489
5719 3490
5316 3491
5094 3492
5410 3493
4820 3494
4821 3495
6396 3496
7440 3497
5818 3498
4822 3499
5095 3500
4823 3501
7243 3502
5675 3503
6052 3504
6199 3505
6466 3506
5318 3507
4824 3508
5821 3509
6127 3510
5096 3511
4825 3512
5097 3513
6144 3514
5822 3515
5098 3516
4826 3517
5682 3518
5687 3519
5690 3520
5319 3521
4827 3522
5824 3523
5617 3524
5390 3525
5099 3526
5432 3527
5100 3528
5322 3529
5101 3530
5418 3531
5323 3532
5714 3533
5618 3534
4828 3535
5823 3536
5619 3537
5897 3538
5102 3539
5435 3540
7422 3541
7732 3542
5103 3543
7496 3544
5325 3545
5326 3546
5327 3547
7246 3548
6401 3549
5328 3550
5699 3551
5746 3552
4829 3553
5329 3554
6056 3555
4830 3556
7426 3557
5625 3558
5626 3559
5627 3560
5643 3561
5104 3562
5825 3563
4831 3564
5330 3565
6404 3566
6201 3567
4832 3568
5628 3569
5895 3570
6407 3571
5629 3572
6057 3573
6249 3574
4833 3575
6058 3576
6236 3577
6203 3578
7604 3579
5332 3580
7258 3581
6059 3582
5630 3583
5886 3584
7720 3585
7605 3586
5827 3587
5105 3588
5434 3589
6411 3590
5631 3591
5333 3592
5376 3593
5106 3594
5632 3595
5633 3596
5107 3597
5334 3598
6580 3599
5634 3600
5883 3601
5890 3602
7428 3603
6062 3604
6061 3605
5108 3606
5448 3607
5109 3608
5451 3609
5829 3610
6063 3611
7287 3612
5635 3613
7286 3614
5831 3615
4834 3616
6412 3617
7472 3618
5110 3619
6065 3620
6414 3621
5337 3622
7431 3623
5111 3624
5456 3625
7796 3626
7797 3627
4835 3628
5112 3629
4836 3630
5113 3631
5453 3632
6068 3633
6222 3634
6226 3635
6230 3636
6593 3637
6594 3638
4837 3639
4838 3640
6070 3641
5114 3642
6214 3643
6074 3644
6243 3645
4839 3646
4840 3647
5342 3648
6075 3649
6076 3650
6429 3651
5344 3652
6430 3653
5638 3654
4841 3655
5345 3656
7750 3657
5640 3658
5369 3659
5115 3660
5642 3661
6415 3662
5116 3663
4842 3664
5357 3665
5117 3666
7438 3667
7439 3668
7437 3669
4843 3670
4844 3671
5118 3672
6101 3673
5119 3674
7525 3675
6582 3676
6082 3677
6081 3678
5654 3679
6431 3680
5348 3681
7988 3682
6084 3683
5349 3684
5656 3685
5752 3686
5841 3687
5844 3688
5864 3689
5646 3690
5120 3691
4845 3692
4846 3693
5647 3694
7290 3695
4847 3696
4848 3697
5121 3698
5440 3699
6417 3700
6418 3701
4849 3702
4850 3703
6086 3704
4851 3705
4852 3706
5351 3707
5122 3708
4853 3709
6112 3710
5836 3711
6089 3712
5123 3713
5124 3714
5450 3715
5837 3716
5650 3717
5651 3718
5125 3719
4854 3720
5126 3721
7159 3722
5127 3723
5353 3724
4855 3725
5839 3726
5354 3727
6421 3728
4856 3729
5652 3730
5355 3731
4857 3732
5356 3733
5128 3734
6215 3735
5129 3736
6217 3737
6474 3738
6592 3739
5702 3740
5358 3741
5359 3742
5130 3743
6218 3744
6482 3745
6423 3746
4858 3747
5131 3748
6852 3749
5132 3750
5361 3751
4859 3752
6219 3753
5362 3754
5363 3755
5753 3756
7611 3757
6095 3758
5364 3759
6425 3760
4860 3761
5133 3762
5424 3763
5134 3764
5660 3765
4861 3766
5846 3767
5365 3768
4862 3769
5366 3770
6096 3771
6097 3772
5661 3773
4863 3774
4864 3775
4865 3776
4866 3777
5135 3778
5847 3779
6130 3780
5848 3781
6146 3782
5708 3783
6102 3784
6253 3785
4867 3786
5136 3787
7151 3788
5664 3789
4868 3790
6103 3791
7294 3792
7259 3793
5677 3794
5726 3795
5371 3796
5373 3797
5137 3798
5437 3799
5138 3800
5374 3801
7487 3802
5704 3803
5139 3804
6434 3805
6442 3806
6225 3807
6105 3808
7453 3809
4869 3810
4870 3811
5378 3812
5729 3813
5379 3814
4871 3815
5669 3816
5670 3817
4872 3818
4873 3819
7524 3820
5140 3821
6148 3822
5141 3823
5671 3824
5672 3825
5381 3826
5142 3827
5425 3828
5691 3829
5382 3830
5674 3831
5143 3832
5383 3833
5733 3834
6109 3835
4874 3836
6439 3837
7142 3838
7148 3839
5144 3840
5423 3841
4875 3842
4876 3843
4877 3844
4878 3845
5385 3846
5678 3847
5145 3848
4879 3849
5681 3850
5705 3851
5387 3852
5747 3853
5146 3854
5427 3855
5147 3856
5148 3857
5149 3858
5150 3859
6115 3860
6468 3861
5686 3862
7264 3863
5151 3864
5452 3865
4880 3866
4881 3867
5152 3868
4882 3869
5688 3870
4883 3871
7471 3872
5692 3873
4884 3874
6229 3875
4885 3876
5694 3877
5153 3878
5154 3879
5718 3880
5745 3881
5391 3882
5155 3883
5445 3884
6861 3885
6860 3886
5697 3887
4886 3888
5394 3889
5397 3890
5867 3891
6126 3892
6153 3893
4887 3894
6444 3895
6445 3896
5398 3897
6448 3898
5698 3899
4888 3900
5700 3901
4889 3902
4890 3903
4891 3904
4892 3905
6232 3906
4893 3907
4894 3908
4895 3909
5707 3910
4896 3911
4897 3912
4898 3913
4899 3914
5728 3915
5744 3916
5156 3917
6235 3918
6462 3919
6467 3920
5157 3921
5711 3922
5712 3923
5872 3924
5406 3925
5409 3926
5158 3927
5715 3928
4900 3929
5717 3930
5159 3931
5430 3932
5414 3933
5160 3934
4901 3935
4902 3936
5417 3937
6131 3938
4903 3939
5879 3940
5725 3941
4904 3942
5161 3943
5880 3944
5727 3945
5162 3946
6135 3947
7144 3948
4905 3949
4906 3950
7623 3951
5163 3952
5164 3953
5442 3954
4907 3955
4908 3956
5165 3957
4909 3958
4910 3959
6139 3960
6471 3961
5166 3962
4911 3963
5751 3964
5438 3965
5743 3966
4912 3967
4913 3968
4914 3969
5444 3970
5167 3971
5168 3972
5169 3973
